<record><leader>00000cas a22000007a 4500</leader><controlfield tag="001">10159296</controlfield><controlfield tag="008">831123d18681885mnudn ne      0    0eng  </controlfield><datafield ind1=" " ind2=" " tag="010"><subfield code="a">sn 83016838 </subfield></datafield><datafield ind1=" " ind2=" " tag="040"><subfield code="a">DLC</subfield><subfield code="b">eng</subfield><subfield code="c">DLC</subfield><subfield code="d">NSD</subfield><subfield code="d">NPU</subfield><subfield code="d">MN#</subfield><subfield code="d">OCLCQ</subfield><subfield code="d">OCLCF</subfield><subfield code="d">OCLCO</subfield></datafield><datafield ind1=" " ind2=" " tag="042"><subfield code="a">msc</subfield></datafield><datafield ind1=" " ind2=" " tag="043"><subfield code="a">n-us-mn</subfield></datafield><datafield ind1="0" ind2="0" tag="050"><subfield code="a">Newspaper 8501</subfield></datafield><datafield ind1=" " ind2=" " tag="052"><subfield code="a">4144</subfield><subfield code="b">S4</subfield></datafield><datafield ind1="0" ind2="0" tag="245"><subfield code="a">St. Paul daily dispatch.</subfield></datafield><datafield ind1="3" ind2="0" tag="246"><subfield code="a">Saint Paul daily dispatch</subfield></datafield><datafield ind1="1" ind2="3" tag="246"><subfield code="a">St. Paul daily dispatch</subfield><subfield code="f">Apr. 22, 1868-Jan. 31, 1885</subfield></datafield><datafield ind1="3" ind2="0" tag="246"><subfield code="a">Evening dispatch</subfield></datafield><datafield ind1="3" ind2="0" tag="246"><subfield code="a">Daily St. Paul dispatch</subfield></datafield><datafield ind1="3" ind2="0" tag="246"><subfield code="a">Daily Saint Paul dispatch</subfield></datafield><datafield ind1="3" ind2="0" tag="246"><subfield code="a">Saint Paul dispatch</subfield></datafield><datafield ind1=" " ind2=" " tag="260"><subfield code="a">Saint Paul, Minn. :</subfield><subfield code="b">D. Ramaley, H.P. Hall, J.W. Cunningham, Geo. W. Cunningham,</subfield><subfield code="c">1868-1885.</subfield></datafield><datafield ind1=" " ind2=" " tag="300"><subfield code="a">17 v.</subfield></datafield><datafield ind1=" " ind2=" " tag="310"><subfield code="a">Daily (except Sun.)</subfield></datafield><datafield ind1="0" ind2=" " tag="362"><subfield code="a">[Vol. 1, no. 1] (Feb. 29, 1868)-v. 17, no. 286 (Jan. 31, 1885).</subfield></datafield><datafield ind1=" " ind2=" " tag="500"><subfield code="a">Published as: The evening dispatch, July 5, 1880-Apr. 30, 1881.</subfield></datafield><datafield ind1=" " ind2=" " tag="530"><subfield code="a">Available on microfilm from the Minnesota Historical Society.</subfield></datafield><datafield ind1=" " ind2=" " tag="580"><subfield code="a">Semiweekly ed.: St. Paul semi-weekly dispatch, Mar. 24, 1868-&lt;Nov. 13, 1868&gt;.</subfield></datafield><datafield ind1=" " ind2=" " tag="580"><subfield code="a">Triweekly ed.: St. Paul tri-weekly dispatch, &lt;Nov. 1868-June 1876&gt;.</subfield></datafield><datafield ind1=" " ind2=" " tag="580"><subfield code="a">Weekly ed.: St. Paul weekly dispatch, May 22, 1868-Jan. 31, 1885.</subfield></datafield><datafield ind1=" " ind2="0" tag="651"><subfield code="a">Saint Paul (Minn.)</subfield><subfield code="v">Newspapers.</subfield></datafield><datafield ind1=" " ind2="7" tag="655"><subfield code="a">Newspapers.</subfield><subfield code="2">fast</subfield><subfield code="0">(OCoLC)fst01423814</subfield></datafield><datafield ind1=" " ind2="7" tag="651"><subfield code="a">Minnesota</subfield><subfield code="z">Saint Paul.</subfield><subfield code="2">fast</subfield><subfield code="0">(OCoLC)fst01212130</subfield></datafield><datafield ind1=" " ind2=" " tag="752"><subfield code="a">United States</subfield><subfield code="b">Minnesota</subfield><subfield code="c">Ramsey</subfield><subfield code="d">Saint Paul.</subfield></datafield><datafield ind1="1" ind2=" " tag="775"><subfield code="t">St. Paul semi-weekly dispatch</subfield><subfield code="w">(DLC)sn 90059514</subfield></datafield><datafield ind1="1" ind2=" " tag="775"><subfield code="t">St. Paul tri-weekly dispatch</subfield><subfield code="w">(DLC)sn 83016814</subfield></datafield><datafield ind1="1" ind2=" " tag="775"><subfield code="t">St. Paul weekly dispatch</subfield><subfield code="w">(DLC)sn 83016813</subfield></datafield><datafield ind1="0" ind2="5" tag="780"><subfield code="t">Day (Saint Paul, Minn.)</subfield><subfield code="w">(DLC)sn 90059515</subfield></datafield><datafield ind1="0" ind2="0" tag="785"><subfield code="t">St. Paul dispatch</subfield><subfield code="x">0746-7028</subfield><subfield code="w">(DLC)sn 83016851</subfield></datafield></record>